%---

@article{museums1992introduction,
  title={An introduction to materials},
  author={Museums, UK and Galleries Commission and others},
  journal={Conservation science teaching series. Science for conservators, 1},
  year={1992},
  }
  
  @article{van2006biomolecular,
  title={Biomolecular modeling: goals, problems, perspectives},
  author={Van Gunsteren, Wilfred F and Bakowies, Dirk and Baron, Riccardo and Chandrasekhar, Indira and Christen, Markus and Daura, Xavier and Gee, Peter and Geerke, Daan P and Gl{\"a}ttli, Alice and H{\"u}nenberger, Philippe H and others},
  journal={Angewandte Chemie International Edition},
  volume={45},
  number={25},
  pages={4064--4092},
  year={2006},
  publisher={Wiley Online Library}
}

@article{oostenbrink2007applications,
  title={Applications of molecular dynamics simulations in drug design},
  author={Oostenbrink, Chris and van Lipzig, MMH and van Gunsteren, Wilfred F},
  journal={Comprehensive Medicinal Chemistry II},
  volume={4},
  pages={651--668},
  year={2007}
}

@article{christ2010basic,
  title={Basic ingredients of free energy calculations: a review},
  author={Christ, Clara D and Mark, Alan E and Van Gunsteren, Wilfred F},
  journal={Journal of computational chemistry},
  volume={31},
  number={8},
  pages={1569--1582},
  year={2010},
  publisher={Wiley Online Library}
}

@article{amber,
  title={AMBER 9},
  author={Case, David A and Darden, TA and Cheatham III, Thomas E and Simmerling, CL and Wang, Junmei and Duke, Robert E and Luo, Ray and Merz, Kenneth M and Pearlman, David A and Crowley, Mike and others},
  journal={University of California, San Francisco},
  volume={45},
  year={2006},
  publisher={Citeseer}
}

@article{charmm,
  title={CHARMM general force field: A force field for drug-like molecules compatible with the CHARMM all-atom additive biological force fields},
  author={Vanommeslaeghe, Kenno and Hatcher, Elizabeth and Acharya, Chayan and Kundu, Sibsankar and Zhong, Shijun and Shim, Jihyun and Darian, Eva and Guvench, Olgun and Lopes, P and Vorobyov, Igor and others},
  journal={Journal of computational chemistry},
  volume={31},
  number={4},
  pages={671--690},
  year={2010},
  publisher={Wiley Online Library}
}

@article{ECEPP/3,
  title={A new force field (ECEPP-05) for peptides, proteins, and organic molecules},
  author={Arnautova, Yelena A and Jagielska, Anna and Scheraga, Harold A},
  journal={The Journal of Physical Chemistry B},
  volume={110},
  number={10},
  pages={5025--5044},
  year={2006},
  publisher={ACS Publications}
}

@article{gromos1,
  title={Definition and testing of the GROMOS force-field versions 54A7 and 54B7},
  author={Schmid, Nathan and Eichenberger, Andreas P and Choutko, Alexandra and Riniker, Sereina and Winger, Moritz and Mark, Alan E and van Gunsteren, Wilfred F},
  journal={European biophysics journal},
  volume={40},
  number={7},
  pages={843--856},
  year={2011},
  publisher={Springer}
}

@article{van2005gromacs,
  title={GROMACS: fast, flexible, and free},
  author={Van Der Spoel, David and Lindahl, Erik and Hess, Berk and Groenhof, Gerrit and Mark, Alan E and Berendsen, Herman JC},
  journal={Journal of computational chemistry},
  volume={26},
  number={16},
  pages={1701--1718},
  year={2005},
  publisher={Wiley Online Library}
}

@misc{chipot2010numerical,
  title={Numerical methods for molecular dynamics simulations of biological systems},
  author={Chipot, Christophe},
  year={2010},
  publisher={France}
}

@book{brown2016introduction,
  title={Introduction to organic chemistry},
  author={Brown, William H and Poon, Thomas},
  year={2016},
  publisher={John Wiley \& Sons}
}

@article{free_energy,
  title={Basic ingredients of free energy calculations: a review},
  author={Christ, Clara D and Mark, Alan E and Van Gunsteren, Wilfred F},
  journal={Journal of computational chemistry},
  volume={31},
  number={8},
  pages={1569--1582},
  year={2010},
  publisher={Wiley Online Library}
}

@article{van1988role,
  title={The role of computer simulation techniques in protein engineering},
  author={van Gunsteren, Wilfred F},
  journal={Protein Engineering, Design and Selection},
  volume={2},
  number={1},
  pages={5--13},
  year={1988},
  publisher={Oxford University Press}
}

@book{muller2013basics,
  title={Basics of statistical physics},
  author={Muller-Kirsten, Harald JW},
  year={2013},
  publisher={World Scientific Publishing Company}
}

@article{van1985molecular,
  title={Molecular dynamics simulations: techniques and applications to proteins},
  author={Van Gunsteren, WF and Berendsen, HJC},
  journal={Molecular dynamics and protein structure},
  pages={5--14},
  year={1985},
  publisher={Polycrystal Bookservice Western Springs, III}
}

@article{wang2008calculation,
  title={Calculation of adsorption free energy for solute-surface interactions using biased replica-exchange molecular dynamics},
  author={Wang, Feng and Stuart, Steven J and Latour, Robert A},
  journal={Biointerphases},
  volume={3},
  number={1},
  pages={9--18},
  year={2008},
  publisher={American Vacuum Society}
}

@article{beutler1994avoiding,
  title={Avoiding singularities and numerical instabilities in free energy calculations based on molecular simulations},
  author={Beutler, Thomas C and Mark, Alan E and van Schaik, Ren{\'e} C and Gerber, Paul R and Van Gunsteren, Wilfred F},
  journal={Chemical physics letters},
  volume={222},
  number={6},
  pages={529--539},
  year={1994},
  publisher={Elsevier}
}

@article{tironi1995generalized,
  title={A generalized reaction field method for molecular dynamics simulations},
  author={Tironi, Ilario G and Sperb, Ren{\'e} and Smith, Paul E and van Gunsteren, Wilfred F},
  journal={The Journal of chemical physics},
  volume={102},
  number={13},
  pages={5451--5459},
  year={1995},
  publisher={American Institute of Physics}
}

@article{hospital2015molecular,
  title={Molecular dynamics simulations: advances and applications},
  author={Hospital, Adam and Go{\~n}i, Josep Ramon and Orozco, Modesto and Gelp{\'\i}, Josep L},
  journal={Advances and applications in bioinformatics and chemistry: AABC},
  volume={8},
  pages={37},
  year={2015},
  publisher={Dove Press}
}

@book{leach2001molecular,
  title={Molecular modelling: principles and applications},
  author={Leach, Andrew R and Leach, Andrew R},
  year={2001},
  publisher={Pearson education}
}

@article{cuendet2007calculation,
  title={On the calculation of velocity-dependent properties in molecular dynamics simulations using the leapfrog integration algorithm},
  author={Cuendet, Michel A and van Gunsteren, Wilfred F},
  journal={The Journal of chemical physics},
  volume={127},
  number={18},
  pages={184102},
  year={2007},
  publisher={American Institute of Physics}
}

@article{roux1999implicit,
  title={Implicit solvent models},
  author={Roux, Beno{\i}t and Simonson, Thomas},
  journal={Biophysical chemistry},
  volume={78},
  number={1-2},
  pages={1--20},
  year={1999},
  publisher={Elsevier}
}

@book{campbell2006chemistry,
  title={Chemistry - California Edition},
  author={Campbell, N.A.},
  isbn={9780132013048},
  url={https://books.google.cl/books?id=oq1uPQAACAAJ},
  year={2006},
  publisher={Pearson Prentice Hall}
}

@article{zacharias2003continuum,
  title={Continuum solvent modeling of nonpolar solvation: Improvement by separating surface area dependent cavity and dispersion contributions},
  author={Zacharias, Martin},
  journal={The Journal of Physical Chemistry A},
  volume={107},
  number={16},
  pages={3000--3004},
  year={2003},
  publisher={ACS Publications}
}

@article{gallicchio2000enthalpy,
  title={Enthalpy- entropy and cavity decomposition of alkane hydration free energies: Numerical results and implications for theories of hydrophobic solvation},
  author={Gallicchio, Emilio and Kubo, MM and Levy, Ronald M},
  journal={The Journal of Physical Chemistry B},
  volume={104},
  number={26},
  pages={6271--6285},
  year={2000},
  publisher={ACS Publications}
}

@article{wang2018breaking,
  title={Breaking the polar-nonpolar division in solvation free energy prediction},
  author={Wang, Bao and Wang, Chengzhang and Wu, Kedi and Wei, Guo-Wei},
  journal={Journal of computational chemistry},
  volume={39},
  number={4},
  pages={217--233},
  year={2018},
  publisher={Wiley Online Library}
}

@article{andersen1971relationship,
  title={Relationship between the hard-sphere fluid and fluids with realistic repulsive forces},
  author={Andersen, Hans C and Weeks, John D and Chandler, David},
  journal={Physical Review A},
  volume={4},
  number={4},
  pages={1597},
  year={1971},
  publisher={APS}
}

@article{mobley2009small,
  title={Small molecule hydration free energies in explicit solvent: an extensive test of fixed-charge atomistic simulations},
  author={Mobley, David L and Bayly, Christopher I and Cooper, Matthew D and Shirts, Michael R and Dill, Ken A},
  journal={Journal of chemical theory and computation},
  volume={5},
  number={2},
  pages={350--358},
  year={2009},
  publisher={ACS Publications}
}

@article{tan2007implicit,
  title={Implicit nonpolar solvent models},
  author={Tan, Chunhu and Tan, Yu-Hong and Luo, Ray},
  journal={The Journal of Physical Chemistry B},
  volume={111},
  number={42},
  pages={12263--12274},
  year={2007},
  publisher={ACS Publications}
}

@article{mehdizadeh2019solvation,
  title={Solvation thermodynamics of neutral and charged solutes using the solvation-layer interface condition continuum dielectric model},
  author={Mehdizadeh Rahimi, Ali and Molavi Tabrizi, Amirhossein and Goossens, Spencer and Knepley, Matthew G and Bardhan, Jaydeep P},
  journal={International Journal of Quantum Chemistry},
  volume={119},
  number={1},
  pages={e25771},
  year={2019},
  publisher={Wiley Online Library}
}

@article{levy2003nonpolar,
  title={On the nonpolar hydration free energy of proteins: surface area and continuum solvent models for the solute- solvent interaction energy},
  author={Levy, Ronald M and Zhang, Linda Y and Gallicchio, Emilio and Felts, Anthony K},
  journal={Journal of the American Chemical Society},
  volume={125},
  number={31},
  pages={9523--9530},
  year={2003},
  publisher={ACS Publications}
}

@article{connolly1983analytical,
  title={Analytical molecular surface calculation},
  author={Connolly, Michael L},
  journal={Journal of applied crystallography},
  volume={16},
  number={5},
  pages={548--558},
  year={1983},
  publisher={International Union of Crystallography}
}

@article{humphrey1996vmd,
  title={VMD: visual molecular dynamics},
  author={Humphrey, William and Dalke, Andrew and Schulten, Klaus},
  journal={Journal of molecular graphics},
  volume={14},
  number={1},
  pages={33--38},
  year={1996},
  publisher={Elsevier}
}

@article{basharat2016structure,
  title={Structure, interaction and post-translational modification study of arsenic reduction system in Bifidobacterium longum},
  author={Basharat, Zarrin and Yasmin, Azra},
  journal={bioRxiv},
  pages={066324},
  year={2016},
  publisher={Cold Spring Harbor Laboratory}
}

@article{ryckaert1977numerical,
  title={Numerical integration of the cartesian equations of motion of a system with constraints: molecular dynamics of n-alkanes},
  author={Ryckaert, Jean-Paul and Ciccotti, Giovanni and Berendsen, Herman JC},
  journal={Journal of computational physics},
  volume={23},
  number={3},
  pages={327--341},
  year={1977},
  publisher={Elsevier}
}

@article{berendsen1984molecular,
  title={Molecular dynamics with coupling to an external bath},
  author={Berendsen, Herman JC and Postma, JPM van and van Gunsteren, Wilfred F and DiNola, ARHJ and Haak, Jan R},
  journal={The Journal of chemical physics},
  volume={81},
  number={8},
  pages={3684--3690},
  year={1984},
  publisher={American Institute of Physics}
}

@article{daura1996free,
  title={Free energies of transfer of Trp analogs from chloroform to water: comparison of theory and experiment and the importance of adequate treatment of electrostatic and internal interactions},
  author={Daura, Xavier and H{\"u}nenberger, Philippe H and Mark, Alan E and Querol, Enrique and Aviles, Francesc X and Van Gunsteren, Wilfred F},
  journal={Journal of the American Chemical Society},
  volume={118},
  number={26},
  pages={6285--6294},
  year={1996},
  publisher={ACS Publications}
}

@book{allen2017computer,
  title={Computer simulation of liquids},
  author={Allen, Michael P and Tildesley, Dominic J},
  year={2017},
  publisher={Oxford university press}
}

@article{cooper2020simple,
  title={A Simple Electrostatic Model for the Hard-Sphere Solute Component of Nonpolar Solvation},
  author={Cooper, Christopher D and Bardhan, Jaydeep P},
  journal={arXiv preprint arXiv:2005.13019},
  year={2020}
}